%% This BibTeX bibliography file was created using BibDesk.
%% http://bibdesk.sourceforge.net/

%% Created for Adrian Kiraly at 2020-03-02 11:46:41 +0100 


%% Saved with string encoding Unicode (UTF-8) 



@book{maly-hvj,
	Author = {Martin Mal{\'y}},
	Date-Added = {2020-03-02 11:44:58 +0100},
	Date-Modified = {2020-03-02 11:46:41 +0100},
	Publisher = {Edice CZ.NIC},
	Title = {Hradla, volty, jedno{\v c}ipy},
	Url = {https://knihy.nic.cz/files/edice/hradla_volty_jednocipy.pdf},
	Year = {2017}}

@article{rtc-adafruit,
	Author = {Tyler Cooper},
	Date-Added = {2020-03-02 11:33:38 +0100},
	Date-Modified = {2020-03-02 11:36:46 +0100},
	Journal = {Adafruit Industries},
	Title = {What is an RTC?},
	Url = {https://learn.adafruit.com/ds1307-real-time-clock-breakout-board-kit/what-is-an-rtc}}

@webpage{arduino-uno,
	Date-Added = {2020-03-01 20:10:02 +0100},
	Date-Modified = {2020-03-01 20:11:16 +0100},
	Title = {Arduino Uno Rev3 Official Website},
	Url = {https://store.arduino.cc/arduino-uno-rev3}}

@online{vut-zkousky,
	Author = {VUT},
	Title = {St{\'a}tn{\'\i} z{\'a}v{\v e}re{\v c}n{\'e} zkou{\v s}ky},
	Url = {http://www.fit.vutbr.cz/info/szz/},
	Urldate = {2014-10-10},
	Bdsk-Url-1 = {http://www.fit.vutbr.cz/info/szz/}}

@book{citovani,
	Address = {Brno},
	Author = {Roman Ber{\'a}nek},
	Date = {2014-10-21},
	Journal = {Rozhovory se SO{\v C}ka{\v r}i},
	Title = {Pro{\v c} je citov{\'a}n{\'\i} nutn{\'a} pak{\'a}rna}}
